[gd_scene load_steps=5 format=2]

[ext_resource path="res://Sprites/colorTiles.png" type="Texture" id=1]

[sub_resource type="RectangleShape2D" id=1]

custom_solver_bias = 0.0
extents = Vector2( 12, 12 )

[sub_resource type="RectangleShape2D" id=2]

custom_solver_bias = 0.0
extents = Vector2( 12, 12 )

[sub_resource type="RectangleShape2D" id=3]

custom_solver_bias = 0.0
extents = Vector2( 12, 12 )

[node name="TestTileMap" type="Node"]

[node name="RedTile" type="Sprite" parent="." index="0"]

texture = ExtResource( 1 )
region_enabled = true
region_rect = Rect2( 0, 0, 24, 24 )
_sections_unfolded = [ "Region" ]

[node name="StaticBody2D" type="StaticBody2D" parent="RedTile" index="0"]

input_pickable = false
collision_layer = 8
collision_mask = 3
constant_linear_velocity = Vector2( 0, 0 )
constant_angular_velocity = 0.0
friction = 1.0
bounce = 0.0
_sections_unfolded = [ "Collision" ]

[node name="CollisionShape2D" type="CollisionShape2D" parent="RedTile/StaticBody2D" index="0"]

shape = SubResource( 1 )

[node name="BlueTile" type="Sprite" parent="." index="1"]

texture = ExtResource( 1 )
region_enabled = true
region_rect = Rect2( 0, 50, 24, 24 )
_sections_unfolded = [ "Region" ]

[node name="StaticBody2D" type="StaticBody2D" parent="BlueTile" index="0"]

input_pickable = false
collision_layer = 4
collision_mask = 3
constant_linear_velocity = Vector2( 0, 0 )
constant_angular_velocity = 0.0
friction = 1.0
bounce = 0.0
_sections_unfolded = [ "Collision" ]

[node name="CollisionShape2D" type="CollisionShape2D" parent="BlueTile/StaticBody2D" index="0"]

shape = SubResource( 2 )

[node name="GreenTile" type="Sprite" parent="." index="2"]

texture = ExtResource( 1 )
region_enabled = true
region_rect = Rect2( 27, 0, 24, 24 )
_sections_unfolded = [ "Region" ]

[node name="StaticBody2D" type="StaticBody2D" parent="GreenTile" index="0"]

input_pickable = false
collision_layer = 12
collision_mask = 3
constant_linear_velocity = Vector2( 0, 0 )
constant_angular_velocity = 0.0
friction = 1.0
bounce = 0.0
_sections_unfolded = [ "Collision" ]

[node name="CollisionShape2D" type="CollisionShape2D" parent="GreenTile/StaticBody2D" index="0"]

shape = SubResource( 3 )


